@article{zhou2017places,
  title={Places: A 10 million Image Database for Scene Recognition},
  author={Zhou, Bolei and Lapedriza, Agata and Khosla, Aditya and Oliva, Aude and Torralba, Antonio},
  journal={IEEE Transactions on Pattern Analysis and Machine Intelligence},
  year={2017},
  publisher={IEEE}
}

@article{Supervised_DT,
    author = {J. R. Quinlan},
    title = {Induction of Decision Trees},
    journal = {Machine Learning},
    volume = 1,
    number = 1,
    pages = {81-106},
    year = 1986
}

@ARTICLE{semiDT,
  author={Chapelle, O. and Scholkopf, B. and Zien, Eds., A.},
  journal={IEEE Transactions on Neural Networks}, 
  title={Semi-Supervised Learning (Chapelle, O. et al., Eds.; 2006) [Book reviews]}, 
  year={2009},
  volume={20},
  number={3},
  pages={542-542},
  keywords={Semisupervised learning;Books;Unsupervised learning;Hidden Markov models;Benchmark testing;Image processing;Information retrieval;Image retrieval;Bioinformatics;Machine learning},
  doi={10.1109/TNN.2009.2015974}}

@ARTICLE{gradient_based,
  author={Lecun, Y. and Bottou, L. and Bengio, Y. and Haffner, P.},
  journal={Proceedings of the IEEE}, 
  title={Gradient-based learning applied to document recognition}, 
  year={1998},
  volume={86},
  number={11},
  pages={2278-2324},
  keywords={Neural networks;Pattern recognition;Machine learning;Optical character recognition software;Character recognition;Feature extraction;Multi-layer neural network;Optical computing;Hidden Markov models;Principal component analysis},
  doi={10.1109/5.726791}}

@inproceedings{image_net,
 author = {Krizhevsky, Alex and Sutskever, Ilya and Hinton, Geoffrey E},
 booktitle = {Advances in Neural Information Processing Systems},
 editor = {F. Pereira and C.J. Burges and L. Bottou and K.Q. Weinberger},
 pages = {},
 publisher = {Curran Associates, Inc.},
 title = {ImageNet Classification with Deep Convolutional Neural Networks},
 volume = {25},
 year = {2012}
}
